<record><leader>00000cas a22000007a 4500</leader><controlfield tag="001">16626549</controlfield><controlfield tag="008">870901d19321957inuwr ne      0    0eng d</controlfield><datafield ind1=" " ind2=" " tag="010"><subfield code="a">sn 87056297 </subfield></datafield><datafield ind1=" " ind2=" " tag="040"><subfield code="a">NPI</subfield><subfield code="b">eng</subfield><subfield code="c">NPI</subfield><subfield code="d">OCLCQ</subfield></datafield><datafield ind1=" " ind2=" " tag="042"><subfield code="a">msc</subfield></datafield><datafield ind1="0" ind2=" " tag="130"><subfield code="a">Labor news (South Bend, Ind.)</subfield></datafield><datafield ind1="1" ind2="4" tag="245"><subfield code="a">The labor news.</subfield></datafield><datafield ind1=" " ind2=" " tag="250"><subfield code="a">South Bend ed.</subfield></datafield><datafield ind1=" " ind2=" " tag="260"><subfield code="a">South Bend, Ind. ;</subfield><subfield code="a">Fort Wayne, Ind. :</subfield><subfield code="b">L.S. Norris, M.M. Hagey</subfield></datafield><datafield ind1=" " ind2=" " tag="310"><subfield code="a">Weekly</subfield></datafield><datafield ind1="1" ind2=" " tag="362"><subfield code="a">Began in 1932; ceased in 1957.</subfield></datafield><datafield ind1=" " ind2=" " tag="588"><subfield code="a">Description based on: Vol. 18, no. 48 (Aug. 2, 1946).</subfield></datafield><datafield ind1=" " ind2=" " tag="752"><subfield code="a">United States</subfield><subfield code="b">Indiana</subfield><subfield code="c">St. Joseph</subfield><subfield code="d">South Bend.</subfield></datafield><datafield ind1=" " ind2=" " tag="752"><subfield code="a">United States</subfield><subfield code="b">Indiana</subfield><subfield code="c">Allen</subfield><subfield code="d">Fort Wayne.</subfield></datafield></record>